<?xml version="1.0" encoding="UTF-8"?><record xmlns="http://www.loc.gov/MARC21/slim" xmlns:cinclude="http://apache.org/cocoon/include/1.0" xmlns:zs="http://www.loc.gov/zing/srw/">
  <leader>00526nz  a2200157n  4500</leader>
  <controlfield tag="001">no 96046212 </controlfield>
  <controlfield tag="003">DLC</controlfield>
  <controlfield tag="005">19960913054335.6</controlfield>
  <controlfield tag="008">960912n| acannaab|           a ana     c</controlfield>
  <datafield tag="010" ind1=" " ind2=" ">
    <subfield code="a">no 96046212 </subfield>
  </datafield>
  <datafield tag="035" ind1=" " ind2=" ">
    <subfield code="a">(OCoLC)oca04159836 </subfield>
  </datafield>
  <datafield tag="040" ind1=" " ind2=" ">
    <subfield code="a">CLU</subfield>
    <subfield code="c">CLU</subfield>
  </datafield>
  <datafield tag="110" ind1="2" ind2="0">
    <subfield code="a">David L. Moonie &amp; Co.</subfield>
  </datafield>
  <datafield tag="410" ind1="2" ind2="0">
    <subfield code="a">David L. Moonie and Co.</subfield>
  </datafield>
  <datafield tag="410" ind1="2" ind2="0">
    <subfield code="a">Moonie &amp; Co.</subfield>
  </datafield>
  <datafield tag="670" ind1=" " ind2=" ">
    <subfield code="a">Humboldt County (Calif.). Annual financial report, June 30 ... with independent auditor's report, 1995:</subfield>
    <subfield code="b">t.p. (David L. Moonie &amp; Co., certified public accountants)</subfield>
  </datafield>
</record>